@ARTICLE{bendersCutsPaper,
    author = {Trick, Michael A. and Yildiz, Hakan},
    title = {
        Benders' cuts guided large neighborhood search for the traveling
        umpire problem
    },
    journal = {Naval Research Logistics (NRL)},
    volume = {58},
    number = {8},
    month = {October},
    year = {2011},
    issn = {0894-069X},
    pages = {771\,--\,781},
    doi = {10.1002/nav.20482}
}

@INCOLLECTION{bendersCutsCollection,
    author = {Trick, Michael A. and Yildiz, Hakan},
    title = {
        Bender's Cuts Guided Large Neighborhood Search for the Traveling
        Umpire Problem
    },
    booktitle = {
        Integration of AI and OR Techniques in Constraint Programming for
        Combinatorial Optimization Problems: 4th International Conference,
        CPAIOR 2007, Brussels, Belgium, May 23\,--\-26, 2007. Proceedings
    },
    editor = {Van Hentenryck, Pascal and Wolsey, Laurence},
    year = {2007},
    series = {Lecture Notes in Computer Science},
    volume = {4510},
    pages = {332\,--\,345},
    publisher = {Springer Berlin Heidelberg},
    doi = {10.1007/978-3-540-72397-4_24},
    ISBN = {978-3-540-72397-4},
    address = {Berlin, Heidelberg}
}

@MISC{tupOnline,
    author = {Toffolo, TÃºlio A. M. and Wauters, Tony and Trick, Michael A.},
    title = {
        An automated benchmark website for the Traveling Umpire Problem
        [online]
    },
    url = {http://gent.cs.kuleuven.be/tup},
    note = {June 2015 [cit. 2020-04-27]}
}
